@misc{jiang2024siriusbi,
title        = {SiriusBI: Building End-to-End Business Intelligence Enhanced by Large Language Models},
author       = {Jie Jiang and Haining Xie and Yu Shen and Zihan Zhang and Meng Lei and Yifeng Zheng and Yide Fang and Chunyou Li and Danqing Huang and Wentao Zhang and Yang Li and Xiaofeng Yang and Bin Cui and Peng Chen},
year         = 2024,
url          = {https://arxiv.org/abs/2411.06102},
eprint       = {2411.06102},
archiveprefix = {arXiv},
primaryclass = {cs.DB}
}
@misc{vaswani2023attentionneed,
title        = {Attention Is All You Need},
author       = {Ashish Vaswani and Noam Shazeer and Niki Parmar and Jakob Uszkoreit and Llion Jones and Aidan N. Gomez and Lukasz Kaiser and Illia Polosukhin},
year         = 2023,
url          = {https://arxiv.org/abs/1706.03762},
eprint       = {1706.03762},
archiveprefix = {arXiv},
primaryclass = {cs.CL}
}
@inproceedings{toxtli2018chatbot,
title        = {Understanding Chatbot-mediated Task Management},
author       = {Toxtli, Carlos and Monroy-Hernández, Andrés and Cranshaw, Justin},
year         = 2018,
month        = apr,
booktitle    = {Proceedings of the 2018 CHI Conference on Human Factors in Computing Systems},
publisher    = {ACM},
series       = {CHI ’18},
pages        = {1–6},
doi          = {10.1145/3173574.3173632},
url          = {http://dx.doi.org/10.1145/3173574.3173632},
collection   = {CHI ’18}
}
@misc{minaee2025llmsurvey,
title        = {Large Language Models: A Survey},
author       = {Shervin Minaee and Tomas Mikolov and Narjes Nikzad and Meysam Chenaghlu and Richard Socher and Xavier Amatriain and Jianfeng Gao},
year         = 2025,
url          = {https://arxiv.org/abs/2402.06196},
eprint       = {2402.06196},
archiveprefix = {arXiv},
primaryclass = {cs.CL}
}
@misc{busany2024autobir,
title        = {Automating Business Intelligence Requirements with Generative AI and Semantic Search},
author       = {Nimrod Busany and Ethan Hadar and Hananel Hadad and Gil Rosenblum and Zofia Maszlanka and Okhaide Akhigbe and Daniel Amyot},
year         = 2024,
url          = {https://arxiv.org/abs/2412.07668},
eprint       = {2412.07668},
archiveprefix = {arXiv},
primaryclass = {cs.SE}
}
@misc{yu2019spider,
      title={Spider: A Large-Scale Human-Labeled Dataset for Complex and Cross-Domain Semantic Parsing and Text-to-SQL Task}, 
      author={Tao Yu and Rui Zhang and Kai Yang and Michihiro Yasunaga and Dongxu Wang and Zifan Li and James Ma and Irene Li and Qingning Yao and Shanelle Roman and Zilin Zhang and Dragomir Radev},
      year={2019},
      eprint={1809.08887},
      archivePrefix={arXiv},
      primaryClass={cs.CL},
      url={https://arxiv.org/abs/1809.08887}, 
}
@misc{liu2025nl2sqlsurvey,
      title={A Survey of NL2SQL with Large Language Models: Where are we, and where are we going?}, 
      author={Xinyu Liu and Shuyu Shen and Boyan Li and Peixian Ma and Runzhi Jiang and Yuxin Zhang and Ju Fan and Guoliang Li and Nan Tang and Yuyu Luo},
      year={2025},
      eprint={2408.05109},
      archivePrefix={arXiv},
      primaryClass={cs.DB},
      url={https://arxiv.org/abs/2408.05109}, 
}
@misc{naturallangageinterfacetodb,
      title={Natural Language Interfaces to Databases – An Introduction}, 
      author={Androutsopoulos† and G.D. Ritchie† and P. Thanisch},
      year={2025},
      eprint={2408.05109},
      archivePrefix={arXiv},
      primaryClass={cs.DB},
      url={https://arxiv.org/pdf/cmp-lg/9503016}, 
}
@misc{dettmers2023qlora,
      title={QLoRA: Efficient Finetuning of Quantized LLMs}, 
      author={Tim Dettmers and Artidoro Pagnoni and Ari Holtzman and Luke Zettlemoyer},
      year={2023},
      eprint={2305.14314},
      archivePrefix={arXiv},
      primaryClass={cs.LG},
      url={https://arxiv.org/abs/2305.14314}, 
}